<record><leader>00000cas a22000007a 4500</leader><controlfield tag="001">15299639</controlfield><controlfield tag="008">870311d192919uutxudr ne      0    0eng d</controlfield><datafield ind1=" " ind2=" " tag="010"><subfield code="a">sn 86090966 </subfield></datafield><datafield ind1=" " ind2=" " tag="040"><subfield code="a">PPM</subfield><subfield code="b">eng</subfield><subfield code="c">PPM</subfield><subfield code="d">OCLCQ</subfield></datafield><datafield ind1=" " ind2=" " tag="042"><subfield code="a">msc</subfield></datafield><datafield ind1="0" ind2="0" tag="245"><subfield code="a">Amarillo daily examiner.</subfield></datafield><datafield ind1=" " ind2=" " tag="260"><subfield code="a">Amarillo, Tex. :</subfield><subfield code="b">E.E. Manney</subfield></datafield><datafield ind1=" " ind2=" " tag="310"><subfield code="a">Daily</subfield></datafield><datafield ind1="1" ind2=" " tag="362"><subfield code="a">Began in 1929?</subfield></datafield><datafield ind1=" " ind2=" " tag="588"><subfield code="a">Description based on: Vol. 1, no. 5 (Nov. 27, 1929).</subfield></datafield><datafield ind1=" " ind2=" " tag="752"><subfield code="a">United States</subfield><subfield code="b">Texas</subfield><subfield code="c">Potter</subfield><subfield code="d">Amarillo.</subfield></datafield></record>